<?xml version="1.0" encoding="UTF-8"?>
<collection xmlns:xsi="http://www.w3.org/2001/XMLSchema-instance" xsi:schemaLocation="http://www.loc.gov/MARC21/slim http://www.loc.gov/standards/marcxml/schema/MARC21slim.xsd" xmlns="http://www.loc.gov/MARC21/slim">
<record>
  <leader>01297cam a2200301   4500</leader>
  <controlfield tag="001">2537649</controlfield>
  <controlfield tag="003">NNC</controlfield>
  <controlfield tag="005">20130425130719.0</controlfield>
  <controlfield tag="008">830822r1963uuuuiq            000 0 arar </controlfield>
  <datafield tag="010" ind1=" " ind2=" ">
    <subfield code="a">ne 65000705 </subfield>
  </datafield>
  <datafield tag="025" ind1=" " ind2=" ">
    <subfield code="a">PL480: UAR-3849</subfield>
  </datafield>
  <datafield tag="035" ind1=" " ind2=" ">
    <subfield code="a">(OCoLC)ocm09834615</subfield>
  </datafield>
  <datafield tag="035" ind1=" " ind2=" ">
    <subfield code="9">AQL9020CU</subfield>
  </datafield>
  <datafield tag="035" ind1=" " ind2=" ">
    <subfield code="a">(NNC)2537649</subfield>
  </datafield>
  <datafield tag="040" ind1=" " ind2=" ">
    <subfield code="a">DLC</subfield>
    <subfield code="c">TKN</subfield>
    <subfield code="d">TKN</subfield>
    <subfield code="d">ZCU</subfield>
  </datafield>
  <datafield tag="050" ind1="0" ind2=" ">
    <subfield code="a">DT96</subfield>
    <subfield code="b">.Z251894a</subfield>
  </datafield>
  <datafield tag="090" ind1=" " ind2=" ">
    <subfield code="a">DT96</subfield>
    <subfield code="b">.Z25 1894a</subfield>
  </datafield>
  <datafield tag="100" ind1="1" ind2=" ">
    <subfield code="a">Ẓāhirī, Ghars al-Dīn Khalīl ibn Shāhīn,</subfield>
    <subfield code="d">1410 or 1411-1467 or 1468.</subfield>
  </datafield>
  <datafield tag="240" ind1="1" ind2="0">
    <subfield code="a">Zubdat kashf al-mamālik wa-bayān al-ṭuruq wa-al-masālik</subfield>
  </datafield>
  <datafield tag="245" ind1="1" ind2="0">
    <subfield code="a">Zoubdat kachf el-mamâlik;</subfield>
    <subfield code="b">tableau politique et administratif de l'Ēgypte, de la Syrie et du Ḥidjâz sous la domination des sultans mamloûks duXIII au XV siècle,</subfield>
    <subfield code="c">par Khalîl eḍ-Ḍâhiry. Texte arabe publié par Paul Rvaisse. Paris, E.Leroux, 1894</subfield>
  </datafield>
  <datafield tag="260" ind1=" " ind2=" ">
    <subfield code="a">[Baghdād,</subfield>
    <subfield code="b">Maktabat al-Muthanna,</subfield>
    <subfield code="c">1963?]</subfield>
  </datafield>
  <datafield tag="300" ind1=" " ind2=" ">
    <subfield code="a">157 p.</subfield>
    <subfield code="c">25 cm.</subfield>
  </datafield>
  <datafield tag="500" ind1=" " ind2=" ">
    <subfield code="a">Added t. p.: Kitāb Zubdat kashf al-mamālik wa-bayān al-ṭuruq wa-al-masālik, taʾlīf Ghars al-Dīn Khalīl ibn Shāhīn al-Ẓāhirī.</subfield>
  </datafield>
  <datafield tag="500" ind1=" " ind2=" ">
    <subfield code="a">Photocopy.</subfield>
  </datafield>
  <datafield tag="650" ind1=" " ind2="0">
    <subfield code="a">Mamelukes</subfield>
    <subfield code="x">History</subfield>
    <subfield code="v">Sources.</subfield>
  </datafield>
  <datafield tag="700" ind1="1" ind2=" ">
    <subfield code="a">Ravaisse, Paul,</subfield>
    <subfield code="e">editor.</subfield>
  </datafield>
  <datafield tag="740" ind1="0" ind2=" ">
    <subfield code="a">Zubdat kashf al-mamālik.</subfield>
  </datafield>
  <datafield tag="955" ind1=" " ind2=" ">
    <subfield code="b">CU52877434</subfield>
    <subfield code="d">off,glx</subfield>
    <subfield code="e">DT96 .Z25 1894a</subfield>
  </datafield>
</record>
</collection>